@phdthesis{bib:chebudie_2014,
	author = {Chebudie, Abiy Biru and Minerva, Roberto and Rotondi, Domenico},
	year = {2014},
	month = {08},
	pages = {},
	title = {Towards a definition of the Internet of Things (IoT)}
}

@article{bib:kumar_2018,
	author    = {Amit Kumar Sikder and
	Giuseppe Petracca and
	Hidayet Aksu and
	Trent Jaeger and
	A. Selcuk Uluagac},
	title     = {A Survey on Sensor-based Threats to Internet-of-Things (IoT) Devices
	and Applications},
	journal   = {CoRR},
	volume    = {abs/1802.02041},
	year      = {2018},
	url       = {http://arxiv.org/abs/1802.02041},
	archivePrefix = {arXiv},
	eprint    = {1802.02041},
	timestamp = {Mon, 13 Aug 2018 16:48:15 +0200},
	biburl    = {https://dblp.org/rec/journals/corr/abs-1802-02041.bib},
	bibsource = {dblp computer science bibliography, https://dblp.org}
}

@article{bib:sethi_2017,
	author = {Sethi, Pallavi and Sarangi, Smruti R.},
	title = {Internet of Things: Architectures, Protocols, and Applications},
	year = {2017},
	issue_date = {January   2017},
	publisher = {Hindawi Limited},
	address = {London, GBR},
	volume = {2017},
	issn = {2090-0147},
	url = {https://doi.org/10.1155/2017/9324035},
	doi = {10.1155/2017/9324035},
	journal = {JECE},
	month = jan,
	pages = {6}
}

@INPROCEEDINGS{bib:naik_2017,  
	author={Naik, Nitin},  
	booktitle={2017 IEEE International Systems Engineering Symposium (ISSE)},   
	title={Choice of effective messaging protocols for IoT systems: MQTT, CoAP, AMQP and HTTP},   
	year={2017},  
	volume={},  
	number={},  
	pages={1-7},  
	doi={10.1109/SysEng.2017.8088251}
}