@book{bib:brambilla_2012,
	author = {Brambilla, Marco and Cabot, Jordi and Wimmer, Manuel},
	year = {2012},
	month = {09},
	pages = {},
	title = {Model-Driven Software Engineering in Practice},
	volume = {1},
	journal = {Synthesis Lectures on Software Engineering},
	doi = {10.2200/S00441ED1V01Y201208SWE001}
}

@article{bib:rodrigues_2015,
  title={Model-driven engineering: A survey supported by the unified
conceptual model},
  
  author={Alberto Rodrigues da Silva},
  
  journal={Computer Languages, Systems \& Structures},
  volume={43},
  pages={139--155},
  year={2015},
  publisher={Elsevier}
  }