@inproceedings{bib:harrand_2016,
	author = {Harrand, Nicolas and Fleurey, Franck and Morin, Brice and Husa, Knut Eilif},
	title = {ThingML: A Language and Code Generation Framework for Heterogeneous Targets},
	year = {2016},
	isbn = {9781450343213},
	publisher = {Association for Computing Machinery},
	address = {New York, NY, USA},
	url = {https://doi.org/10.1145/2976767.2976812},
	doi = {10.1145/2976767.2976812},
	booktitle = {Proceedings of the ACM/IEEE 19th International Conference on Model Driven Engineering Languages and Systems},
	pages = {125â€“135},
	numpages = {11},
	keywords = {MDE, customization, DSML, heterogeneous, code generation},
	location = {Saint-malo, France},
	series = {MODELS '16}
}

@INPROCEEDINGS{bib:salihbegovic_2015,  
	author={Salihbegovic, A. and Eterovic, T. and Kaljic, E. and Ribic, S.},  
	booktitle={2015 38th International Convention on Information and Communication Technology, Electronics and Microelectronics (MIPRO)},   
	title={Design of a domain specific language and IDE for Internet of things applications},   
	year={2015},  
	volume={},  
	number={},  
	pages={996-1001},  
	doi={10.1109/MIPRO.2015.7160420}
}

@inproceedings{bib:berrouyne2019,
	TITLE = {{CyprIoT: framework for modelling and controlling network-based IoT applications}},
	AUTHOR = {Berrouyne, Imad and Adda, Mehdi and Mottu, Jean-Marie and Royer, Jean-Claude and Tisi, Massimo},
	URL = {https://hal.archives-ouvertes.fr/hal-02333578},
	BOOKTITLE = {{the 34th ACM/SIGAPP Symposium}},
	ADDRESS = {Limassol, Cyprus},
	PUBLISHER = {{ACM Press}},
	YEAR = {2019},
	MONTH = Apr,
	DOI = {10.1145/3297280},
	PDF = {https://hal.archives-ouvertes.fr/hal-02333578v2/file/HALSubmission.pdf},
	HAL_ID = {hal-02333578},
	HAL_VERSION = {v2},
}

@inproceedings{bib:hussein_2018,
	author = {Marah, Hussein and Eslampanah, Raheleh and Challenger, Moharram},
	year = {2018},
	month = {10},
	pages = {},
	title = {DSML4TinyOS: Code Generation for Wireless Devices}
}

@inproceedings{bib:durmaz_2017,
	author = {Durmaz, Caglar and Challenger, Moharram and Dagdeviren, Orhan and Kardas, Geylani},
	year = {2017},
	month = {06},
	pages = {},
	title = {Modelling Contiki-Based IoT Systems *},
	doi = {10.4230/OASIcs.SLATE.2017.5}
}

@INPROCEEDINGS{bib:karaduman_2019,
	author={Asici, Tansu Zafer and Karaduman, Burak and Eslampanah, Raheleh and Challenger, Moharram and Denil, Joachim and Vangheluwe, Hans},
	booktitle={2019 IEEE/ACM 1st International Workshop on Software Engineering Research   Practices for the Internet of Things (SERP4IoT)}, 
	title={Applying Model Driven Engineering Techniques to the Development of Contiki-Based IoT Systems}, 
	year={2019},
	volume={},
	number={},
	pages={25-32},
	doi={10.1109/SERP4IoT.2019.00012}
}

@inproceedings{bib:karaduman_2020,
	author = {Karaduman, Burak and Challenger, Moharram and Eslampanah, Raheleh and Denil, Joachim and Vangheluwe, Hans},
	year = {2020},
	month = {10},
	pages = {},
	title = {Platform-specific Modeling for RIOT based IoT Systems},
	doi = {10.1145/3387940.3392194}
}

@inproceedings{bib:gay_2003,
	author = {Gay, David and Levis, Philip and von Behren, Rob and Welsh, Matt and Brewer, Eric and Culler, David},
	year = {2003},
	month = {06},
	pages = {1},
	title = {The nesC Language: A Holistic Approach to Networked Embedded Systems},
	volume = {38},
	isbn = {1581136625},
	journal = {ACM SIGPLAN Notices},
	doi = {10.1145/781132.781133}
}
