@article{bib:stankovic_2004,
	author = {Stankovic, John and Rajkumar, R.},
	year = {2004},
	month = {11},
	pages = {},
	title = {Real-Time Operating Systems: Special Anniversary Issue (Guest Editors: John A. Stankovic, Wolfgang Halang, Kim-Fung Man)},
	volume = {28},
	journal = {Real-Time Systems},
	doi = {10.1023/B:TIME.0000045319.20260.73}
}