@misc{bib:jinja2,
  title={Jinja2 Documentation, Release 2.10},
  
  author={Armin Ronacher},
  
  publisher={Pallets},
  howpublished={\url{https://buildmedia.readthedocs.org/media/pdf/jinja/latest/jinja.pdf}},
  year={2018}
}

@article{bib:textx,
    author = {Dejanovi\'{c}, I. and Vaderna, R. and Milosavljevi\'{c}, G. and Vukovi\'{c}, \v{Z}.},
    
    doi = {10.1016/j.knosys.2016.10.023},
    issn = {0950-7051},
    journal = {Knowledge-Based Systems},
    keywords = {Domain-Specific Language; Meta-model; Model; Model-Driven software development; Parser; Python },
    
    pages = {1--4},
    title = {{TextX: A Python tool for Domain-Specific Languages implementation}},
    
    url = {http://www.sciencedirect.com/science/article/pii/S0950705116304178},
    
    volume = {115},
    year = {2017}
}

@article{bib:riot,
	author = {Baccelli, Emmanuel and Hahm, Oliver and Günes, Mesut and Wählisch, Matthias and Schmidt, Thomas},
	year = {2013},
	month = {04},
	pages = {},
	title = {RIOT OS: Towards an OS for the internet of things},
	journal = {Proceedings - IEEE INFOCOM},
	doi = {10.1109/INFCOMW.2013.6970748}
}